<record><leader>00000cas a22000007a 4500</leader><controlfield tag="001">13068400</controlfield><controlfield tag="008">860127d18201827pauwr ne      0    0ger d</controlfield><datafield ind1=" " ind2=" " tag="010"><subfield code="a">sn 86081047 </subfield></datafield><datafield ind1=" " ind2=" " tag="040"><subfield code="a">NPH</subfield><subfield code="b">eng</subfield><subfield code="c">NPH</subfield><subfield code="d">NPX</subfield><subfield code="d">OCLCQ</subfield></datafield><datafield ind1=" " ind2=" " tag="042"><subfield code="a">msc</subfield></datafield><datafield ind1="0" ind2="4" tag="245"><subfield code="a">Die Freyheits-Presse.</subfield></datafield><datafield ind1="3" ind2="0" tag="246"><subfield code="a">Freiheits-Presse</subfield></datafield><datafield ind1=" " ind2=" " tag="260"><subfield code="a">Orwigsburg [Pa.] :</subfield><subfield code="b">Philip Hantsch</subfield></datafield><datafield ind1=" " ind2=" " tag="300"><subfield code="a">v. ;</subfield><subfield code="c">44 cm.</subfield></datafield><datafield ind1=" " ind2=" " tag="310"><subfield code="a">Weekly</subfield></datafield><datafield ind1="1" ind2=" " tag="362"><subfield code="a">Began with Mar. 30, 1820 issue?</subfield><subfield code="z">Cf. Brigham, C.S. Amer. newspapers.</subfield></datafield><datafield ind1="1" ind2=" " tag="362"><subfield code="a">Ceased in 1827?</subfield><subfield code="z">Cf. Arndt &amp; Olson. German lang. press.</subfield></datafield><datafield ind1=" " ind2=" " tag="500"><subfield code="a">Published as: Freyheits Presse, &lt;1824&gt;.</subfield></datafield><datafield ind1=" " ind2=" " tag="500"><subfield code="a">Publishers: Philip Hantsch, &lt;1820&gt;; Heinrich Riehm &amp; J. Thoma, &lt;1824&gt;.</subfield></datafield><datafield ind1="4" ind2=" " tag="510"><subfield code="a">Brigham, C.S. Amer. newspapers,</subfield><subfield code="c">p. 887</subfield></datafield><datafield ind1=" " ind2=" " tag="546"><subfield code="a">In German.</subfield></datafield><datafield ind1=" " ind2=" " tag="588"><subfield code="a">Description based on: Bd. 1, Nr. 30 (19. Okt. 1820).</subfield></datafield><datafield ind1="1" ind2=" " tag="700"><subfield code="a">Hantsch, Philip.</subfield></datafield><datafield ind1=" " ind2=" " tag="752"><subfield code="a">United States</subfield><subfield code="b">Pennsylvania</subfield><subfield code="c">Schuylkill</subfield><subfield code="d">Orwigsburg.</subfield></datafield><datafield ind1="0" ind2="0" tag="785"><subfield code="t">Freyheits Presse, und Schuylkill Caunty wo&#776;chentlicher Anzeiger</subfield><subfield code="w">(DLC)sn 86081645</subfield></datafield><datafield ind1="1" ind2=" " tag="029"><subfield code="a">AU@</subfield><subfield code="b">000025812430</subfield></datafield></record>